% Encoding: UTF-8

@article{Koch:2012:EmotionIT,
  author       = {Koch, Beth Elynn},
  title        = {Emotion in Typographic Design: An Empirical Examination},
  journaltitle = {Visible Language},
  date         = {2012},
  volume       = {46},
  pagetotal    = {206},
  langid       = {english},
}

@online{Pilka:2019:CharakterPisma,
  editor       = {Pilka, Lukáš},
  title        = {Jaký má písmo charakter: Vliv typografie na vnímání zpráv},
  location     = {Praha},
  publisher    = {Agentura BlueGhost.cz},
  date         = {2019-03-05},
  url          = {https://www.blueghost.cz/clanek/jaky-ma-pismo-charakter-vliv-typografie-na-vnimani-zprav-1/},
  urldate      = {2023-04-08},
  langid       = {czech},
}

@thesis{Sladovnikova:2021:EmoceTextu,
  author       = {Sladovníková, Eliška},
  title        = {Jaké emoce a asociace vyvolávají různé druhy písma},
  date         = {2021},
  type         = {bathesis},
  institution  = {Vysoká škola ekonomická v Praze, Fakulta informatiky a statistiky},
  location     = {Praha},
  supervisor   = {Stanislav Horný},
  url          = {https://vskp.vse.cz/83380},
  langid       = {czech},
}

@book{Samara:2010:ZakladyDesignu,
  author       = {Samara, Timothy},
  title        = {Základy grafického designu},
  subtitle     = {Vizuální elementy, techniky a strategie pro grafiky},
  publisher    = {Slovart},
  date         = {2010},
  pagetotal    = {247},
  isbn         = {978-80-7391-698-5},
  langid       = {czech},
}

@online{Font:2023:SlibPrezidenta,
  author       = {{Časopis Font}},
  title        = {Nový prezident dnes podepíše slavnostní slib. Jak vypadá?},
  journaltitle = {Grafický časopis Font},
  date         = {2023-03-09},
  url          = {https://www.font.cz/pismo/novy-prezident-dnes-podepise-slavnostni-slib-jak-vypada.html/},
  urldate      = {2023-04-08},
  langid       = {czech},
}

@thesis{Kaucky:2018:Kaligrafie,
  author       = {Kaucký, Ondřej},
  title        = {Vznik moderní kaligrafie a její využití},
  date         = {2018},
  type         = {bathesis},
  institution  = {Vysoká škola ekonomická v Praze, Fakulta informatiky a statistiky},
  location     = {Praha},
  supervisor   = {Maja Khabirová},
  url          = {https://vskp.vse.cz/75373},
  langid       = {czech},
}

@book{Zapf:2007:Alphabet,
  author       = {Zapf, Hermann},
  title        = {Alphabet Stories},
  subtitle     = {A Chronicle of Technical Developments},
  publisher    = {RIT, Cary Graphic Arts Press},
  date         = {2007},
  pagetotal    = {149},
  isbn         = {9781933360225},
  langid       = {english},
}
